<collection xmlns="http://www.loc.gov/MARC21/slim">
<record>
  <leader>02747nam0a2200469 i 450 </leader>
  <controlfield tag="001">IT\ICCU\CNCE\031243</controlfield>
  <controlfield tag="005">20120220000000.0</controlfield>
  <datafield tag="012" ind1=" " ind2=" ">
    <subfield code="a">xei- n.e- s.o- letu (3) 1505 (R)</subfield>
    <subfield code="2">fei</subfield>
  </datafield>
  <datafield tag="100" ind1=" " ind2=" ">
    <subfield code="a">19971202d1505        0itac0103    ba</subfield>
  </datafield>
  <datafield tag="101" ind1=" " ind2=" ">
    <subfield code="a">LAT</subfield>
    <subfield code="a">GRC</subfield>
  </datafield>
  <datafield tag="102" ind1=" " ind2=" ">
    <subfield code="a">IT</subfield>
  </datafield>
  <datafield tag="200" ind1="1" ind2=" ">
    <subfield code="a">Martialis cum duobus comentis \!!</subfield>
  </datafield>
  <datafield tag="210" ind1=" " ind2=" ">
    <subfield code="a">\Milano</subfield>
    <subfield code="c">Giovanni Giacomo da Legnano e fratelli!,</subfield>
    <subfield code="e">Impressum Mediolani</subfield>
    <subfield code="g">per Iohannem Angelum Scinzenzeler</subfield>
    <subfield code="h">1505 die uero XX mensis Februarii</subfield>
  </datafield>
  <datafield tag="215" ind1=" " ind2=" ">
    <subfield code="a">CLVIII, \2! c.</subfield>
    <subfield code="d">fol</subfield>
  </datafield>
  <datafield tag="620" ind1=" " ind2=" ">
    <subfield code="a">IT</subfield>
    <subfield code="d">Milano</subfield>
  </datafield>
  <datafield tag="700" ind1=" " ind2="1">
    <subfield code="a">Martialis,</subfield>
    <subfield code="b">Marcus Valerius</subfield>
    <subfield code="3">IT\ICCU\CNCA\007686</subfield>
  </datafield>
  <datafield tag="702" ind1=" " ind2="1">
    <subfield code="a">Calderini,</subfield>
    <subfield code="b">Domizio</subfield>
    <subfield code="3">IT\ICCU\CNCA\008864</subfield>
  </datafield>
  <datafield tag="702" ind1=" " ind2="1">
    <subfield code="a">Merula,</subfield>
    <subfield code="b">Giorgio</subfield>
    <subfield code="3">IT\ICCU\CNCA\001156</subfield>
  </datafield>
  <datafield tag="712" ind1="0" ind2="0">
    <subfield code="a">Scinzenzeler, Giovanni Angelo</subfield>
    <subfield code="3">IT\ICCU\CNCT\000084</subfield>
    <subfield code="4">650</subfield>
  </datafield>
  <datafield tag="712" ind1="0" ind2="0">
    <subfield code="a">Da_Legnano, Giovanni Giacomo &amp; fratelli</subfield>
    <subfield code="3">IT\ICCU\CNCT\001554</subfield>
    <subfield code="4">650</subfield>
  </datafield>
  <datafield tag="790" ind1=" " ind2="1">
    <subfield code="a">Marziale,</subfield>
    <subfield code="b">Marco Valerio</subfield>
    <subfield code="3">IT\ICCU\CNCA\017880</subfield>
    <subfield code="z">Martialis, Marcus Valerius</subfield>
  </datafield>
  <datafield tag="790" ind1=" " ind2="1">
    <subfield code="a">Valerius Martialis,</subfield>
    <subfield code="b">Marcus</subfield>
    <subfield code="3">IT\ICCU\CNCA\020472</subfield>
    <subfield code="z">Martialis, Marcus Valerius</subfield>
  </datafield>
  <datafield tag="790" ind1=" " ind2="1">
    <subfield code="a">Calderino,</subfield>
    <subfield code="b">Domizio</subfield>
    <subfield code="3">IT\ICCU\CNCA\026548</subfield>
    <subfield code="z">Calderini, Domizio</subfield>
  </datafield>
  <datafield tag="790" ind1=" " ind2="1">
    <subfield code="a">Calderinus,</subfield>
    <subfield code="b">Domitius</subfield>
    <subfield code="3">IT\ICCU\CNCA\026549</subfield>
    <subfield code="z">Calderini, Domizio</subfield>
  </datafield>
  <datafield tag="790" ind1=" " ind2="0">
    <subfield code="a">Georgius</subfield>
    <subfield code="c"> : Alexandrinus</subfield>
    <subfield code="3">IT\ICCU\CNCA\014110</subfield>
    <subfield code="z">Merula, Giorgio</subfield>
  </datafield>
  <datafield tag="790" ind1=" " ind2="1">
    <subfield code="a">Merula,</subfield>
    <subfield code="b">Georgius</subfield>
    <subfield code="3">IT\ICCU\CNCA\014655</subfield>
    <subfield code="z">Merula, Giorgio</subfield>
  </datafield>
  <datafield tag="791" ind1="0" ind2="0">
    <subfield code="a">Schinzenzeler, Giovanni Angelo</subfield>
    <subfield code="3">IT\ICCU\CNCT\005621</subfield>
    <subfield code="z">Scinzenzeler, Giovanni Angelo</subfield>
  </datafield>
  <datafield tag="801" ind1=" " ind2="3">
    <subfield code="a">IT</subfield>
    <subfield code="b">ICCU</subfield>
    <subfield code="c">20201114</subfield>
  </datafield>
  <datafield tag="899" ind1=" " ind2=" ">
    <subfield code="a">Biblioteca del Seminario vescovile. Casale Monferrato</subfield>
    <subfield code="1">AL0024</subfield>
    <subfield code="2">TO0 L2</subfield>
  </datafield>
  <datafield tag="899" ind1=" " ind2=" ">
    <subfield code="a">Biblioteca civica A. Mai. Bergamo</subfield>
    <subfield code="1">BG0026</subfield>
    <subfield code="2">LO1 02</subfield>
  </datafield>
  <datafield tag="899" ind1=" " ind2=" ">
    <subfield code="a">Biblioteca universitaria. Genova</subfield>
    <subfield code="1">GE0038</subfield>
    <subfield code="2">LIG 01</subfield>
  </datafield>
  <datafield tag="899" ind1=" " ind2=" ">
    <subfield code="a">Biblioteca Ambrosiana. Milano</subfield>
    <subfield code="1">MI0133</subfield>
    <subfield code="2">VBA 01</subfield>
  </datafield>
  <datafield tag="899" ind1=" " ind2=" ">
    <subfield code="a">Biblioteca nazionale Braidense. Milano</subfield>
    <subfield code="1">MI0185</subfield>
    <subfield code="2">MIL NB</subfield>
  </datafield>
  <datafield tag="899" ind1=" " ind2=" ">
    <subfield code="a">Archivio storico civico e Biblioteca Trivulziana. Milano</subfield>
    <subfield code="1">MI0327</subfield>
    <subfield code="2">LO1 13</subfield>
  </datafield>
  <datafield tag="899" ind1=" " ind2=" ">
    <subfield code="a">Biblioteca comunale Passerini Landi. Piacenza</subfield>
    <subfield code="1">PC0030</subfield>
    <subfield code="2">PIA PL</subfield>
  </datafield>
  <datafield tag="899" ind1=" " ind2=" ">
    <subfield code="a">Biblioteca della Fondazione Cassa di risparmio di Parma e Monte di credito su pegno di Busseto. Busseto</subfield>
    <subfield code="1">PR0007</subfield>
    <subfield code="2">PAR BU</subfield>
  </datafield>
  <datafield tag="899" ind1=" " ind2=" ">
    <subfield code="a">Biblioteca dell&apos;Accademia nazionale dei Lincei e Corsiniana. Roma</subfield>
    <subfield code="1">RM0418</subfield>
    <subfield code="2">RML 10</subfield>
  </datafield>
  <datafield tag="899" ind1=" " ind2=" ">
    <subfield code="a">Biblioteca nazionale universitaria. Torino</subfield>
    <subfield code="1">TO0265</subfield>
    <subfield code="2">TO0 02</subfield>
  </datafield>
  <datafield tag="899" ind1=" " ind2=" ">
    <subfield code="a">Biblioteca civica De Gregoriana. Crescentino</subfield>
    <subfield code="1">VC0020</subfield>
    <subfield code="2">TO0 C9</subfield>
  </datafield>
  <datafield tag="899" ind1=" " ind2=" ">
    <subfield code="a">Biblioteca civica. Vercelli</subfield>
    <subfield code="1">VC0073</subfield>
    <subfield code="2">TO0 A2</subfield>
  </datafield>
  <datafield tag="911" ind1=" " ind2=" ">
    <subfield code="a">Sul front.</subfield>
    <subfield code="9">IT\ICCU\CNCM\000318</subfield>
  </datafield>
  <datafield tag="921" ind1=" " ind2=" ">
    <subfield code="a">IT\ICCU\CNCM\000318</subfield>
    <subfield code="b">Angelo sostiene tra le braccia l&apos;ostia raggiante con al centro il monogramma di Cristo e intorno al cerchio: Io. Iacomo e fratel De Legnano. In basso: IOL</subfield>
    <subfield code="c">K79</subfield>
    <subfield code="c">V108</subfield>
    <subfield code="c">Z87</subfield>
    <subfield code="d">Dimensioni 4,3 x 8,7</subfield>
    <subfield code="f">ANGELO</subfield>
    <subfield code="f">IOL</subfield>
    <subfield code="f">MONOGRAMMA</subfield>
    <subfield code="f">OSTIA</subfield>
    <subfield code="g">1503-1516</subfield>
  </datafield>
</record>
</collection>
